%% This BibTeX bibliography file was created using BibDesk.
%% http://bibdesk.sourceforge.net/


%% Created for Antoine Beauchamp at 2015-08-22 16:00:22 -0400 


%% Saved with string encoding Unicode (UTF-8) 



@book{Weinberg,
	Author = {Steven Weinberg},
	Date-Added = {2015-08-22 19:59:08 +0000},
	Date-Modified = {2015-08-22 20:00:15 +0000},
	Publisher = {Oxford University Press},
	Title = {Cosmology},
	Year = {2008}}

@article{PressSchec,
	Author = {W. Press and P. Schechter},
	Date-Added = {2015-08-22 16:14:09 +0000},
	Date-Modified = {2015-08-22 16:15:06 +0000},
	Journal = {Astrophys. J.},
	Pages = {425},
	Title = {Formation of Galaxies and Clusters of Galaxies by Self-Similar Gravitational Condensation},
	Volume = {187},
	Year = {1974}}

@book{Peebles,
	Author = {P.J.E. Peebles},
	Date-Added = {2015-08-22 05:46:40 +0000},
	Date-Modified = {2015-08-22 05:48:16 +0000},
	Publisher = {Princeton University Press},
	Title = {Principles of Physical Cosmology},
	Year = {1971}}

@manual{GadgetUser,
	Author = {Volker Springel},
	Date-Added = {2015-08-16 19:42:32 +0000},
	Date-Modified = {2015-08-16 19:43:44 +0000},
	Month = {May},
	Organization = {Max-Plank Institute for Astrophysics},
	Title = {User Guide for GADGET-2},
	Year = {2005}}

@phdthesis{Donghui,
	Author = {Donghui Jeong},
	Date-Added = {2015-08-16 18:38:51 +0000},
	Date-Modified = {2015-08-16 18:43:45 +0000},
	Month = {August},
	School = {The University of Texas at Austin},
	Title = {{Cosmology with high (z >1) redshift galaxy surveys}},
	Url = {www.personal.psu.edu/duj13/},
	Year = {2010},
	Bdsk-Url-1 = {www.personal.psu.edu/duj13/}}

@book{Schneider,
	Author = {Peter Schneider},
	Date-Added = {2015-08-14 15:56:36 +0000},
	Date-Modified = {2015-08-15 17:33:26 +0000},
	Edition = {Second},
	Publisher = {Springer},
	Title = {Extragalactic Astronomy and Cosmology: An Introduction},
	Year = {2015}}

@book{Dodelson,
	Author = {Scott Dodelson},
	Date-Added = {2015-08-14 15:28:40 +0000},
	Date-Modified = {2015-08-14 15:30:47 +0000},
	Editor = {Jeremy Hayhurst},
	Publisher = {Academic Press},
	Title = {Modern Cosmology},
	Year = {2003}}

@book{Carroll,
	Author = {Sean Carroll},
	Date-Added = {2015-08-14 15:27:07 +0000},
	Date-Modified = {2015-08-14 15:32:01 +0000},
	Editor = {Adam Black},
	Publisher = {Addison Wesley},
	Title = {Spacetime and Geometry},
	Year = {2004}}

@article{Maldacena:2002vr,
	Archiveprefix = {arXiv},
	Author = {Maldacena, Juan Martin},
	Date-Modified = {2014-06-04 09:03:38 +0000},
	Doi = {10.1088/1126-6708/2003/05/013},
	Eprint = {astro-ph/0210603},
	Journal = {JHEP},
	Pages = {013},
	Primaryclass = {astro-ph},
	Slaccitation = {%%CITATION = ASTRO-PH/0210603;%%},
	Title = {{Non-Gaussian Features of Primordial Fluctuations in Single-Field Inflationary Models}},
	Volume = {0305},
	Year = {2003},
	Bdsk-Url-1 = {http://dx.doi.org/10.1088/1126-6708/2003/05/013}}

@article{PlanckNG2013,
	Archiveprefix = {arXiv},
	Author = {Ade, P.A.R. and others},
	Collaboration = {Planck Collaboration},
	Eprint = {1303.5084},
	Primaryclass = {astro-ph.CO},
	Slaccitation = {%%CITATION = ARXIV:1303.5084;%%},
	Title = {{Planck 2013 Results. XXIV. Constraints on primordial non-Gaussianity}},
	Year = {2013}}

@webpage{Baumann,
	Author = {Daniel Baumann},
	Date-Modified = {2015-02-24 16:00},
	Title = {{Cosmology}},
	Url = {www.damtp.cam.ac.uk/user/db275/Cosmology/Lectures.pdf},
	Bdsk-Url-1 = {www.damtp.cam.ac.uk/user/db275/Cosmology/Lectures.pdf}}

@article{Dalal,
	Archiveprefix = {arXiv},
	Author = {Dalal, Neal and Dore, Olivier and Huterer, Dragan and Shirokov, Alexander},
	Doi = {10.1103/PhysRevD.77.123514},
	Eprint = {0710.4560},
	Journal = {Phys. Rev.},
	Pages = {123514},
	Primaryclass = {astro-ph},
	Slaccitation = {%%CITATION = ARXIV:0710.4560;%%},
	Title = {{The imprints of primordial non-gaussianities on large-scale structure: scale dependent bias and abundance of virialized objects}},
	Volume = {D77},
	Year = {2008},
	Bdsk-Url-1 = {http://dx.doi.org/10.1103/PhysRevD.77.123514}}

@article{Gadget1,
	Archiveprefix = {arXiv},
	Author = {Springel, Volker and Yoshida, Naoki and White, Simon D. M.},
	Doi = {10.1016/S1384-1076(01)00042-2},
	Eprint = {astro-ph/0003162},
	Journal = {New Astron.},
	Pages = {79},
	Primaryclass = {astro-ph},
	Slaccitation = {%%CITATION = ASTRO-PH/0003162;%%},
	Title = {{GADGET: A Code for collisionless and gasdynamical cosmological simulations}},
	Volume = {6},
	Year = {2001},
	Bdsk-Url-1 = {http://dx.doi.org/10.1016/S1384-1076(01)00042-2}}

@article{Gadget2,
	Archiveprefix = {arXiv},
	Author = {Springel, Volker},
	Doi = {10.1111/j.1365-2966.2005.09655.x},
	Eprint = {astro-ph/0505010},
	Journal = {Mon. Not. Roy. Astron. Soc.},
	Pages = {1105-1134},
	Primaryclass = {astro-ph},
	Slaccitation = {%%CITATION = ASTRO-PH/0505010;%%},
	Title = {{The Cosmological simulation code GADGET-2}},
	Volume = {364},
	Year = {2005},
	Bdsk-Url-1 = {http://dx.doi.org/10.1111/j.1365-2966.2005.09655.x}}

@article{2lpt,
	Archiveprefix = {arXiv},
	Author = {Scoccimarro, Roman and Hui, Lam and Manera, Marc and Chan, Kwan Chuen},
	Doi = {10.1103/PhysRevD.85.083002},
	Eprint = {1108.5512},
	Journal = {Phys. Rev.},
	Pages = {083002},
	Primaryclass = {astro-ph.CO},
	Slaccitation = {%%CITATION = ARXIV:1108.5512;%%},
	Title = {{Large-scale Bias and Efficient Generation of Initial Conditions for Non-Local Primordial Non-Gaussianity}},
	Volume = {D85},
	Year = {2012},
	Bdsk-Url-1 = {http://dx.doi.org/10.1103/PhysRevD.85.083002}}

@article{LSSPT,
	Archiveprefix = {arXiv},
	Author = {Bernardeau, F. and Colombi, S. and Gaztanaga, E. and Scoccimarro, R.},
	Doi = {10.1016/S0370-1573(02)00135-7},
	Eprint = {astro-ph/0112551},
	Journal = {Phys. Rept.},
	Pages = {1-248},
	Primaryclass = {astro-ph},
	Reportnumber = {SACLAY-T01-142},
	Slaccitation = {%%CITATION = ASTRO-PH/0112551;%%},
	Title = {{Large scale structure of the universe and cosmological perturbation theory}},
	Volume = {367},
	Year = {2002},
	Bdsk-Url-1 = {http://dx.doi.org/10.1016/S0370-1573(02)00135-7}}

@article{Rockstar,
	Archiveprefix = {arXiv},
	Author = {Behroozi, Peter S. and Wechsler, Risa H. and Wu, Hao-Yi},
	Doi = {10.1088/0004-637X/762/2/109},
	Eprint = {1110.4372},
	Journal = {Astrophys. J.},
	Pages = {109},
	Primaryclass = {astro-ph.CO},
	Reportnumber = {SLAC-PUB-15331},
	Slaccitation = {%%CITATION = ARXIV:1110.4372;%%},
	Title = {{The Rockstar Phase-Space Temporal Halo Finder and the Velocity Offsets of Cluster Cores}},
	Volume = {762},
	Year = {2013},
	Bdsk-Url-1 = {http://dx.doi.org/10.1088/0004-637X/762/2/109}}

@article{Planck1,
	Archiveprefix = {arXiv},
	Author = {Ade, P. A. R. and others},
	Collaboration = {Planck},
	Eprint = {1502.01589},
	Primaryclass = {astro-ph.CO},
	Slaccitation = {%%CITATION = ARXIV:1502.01589;%%},
	Title = {{Planck 2015 results. XIII. Cosmological parameters}},
	Year = {2015}}

@article{Bernardeau,
	Archiveprefix = {arXiv},
	Author = {Bernardeau, F. and Colombi, S. and Gaztanaga, E. and Scoccimarro, R.},
	Doi = {10.1016/S0370-1573(02)00135-7},
	Eprint = {astro-ph/0112551},
	Journal = {Phys. Rept.},
	Pages = {1-248},
	Primaryclass = {astro-ph},
	Reportnumber = {SACLAY-T01-142},
	Slaccitation = {%%CITATION = ASTRO-PH/0112551;%%},
	Title = {{Large scale structure of the universe and cosmological perturbation theory}},
	Volume = {367},
	Year = {2002},
	Bdsk-Url-1 = {http://dx.doi.org/10.1016/S0370-1573(02)00135-7}}

@article{LSSSurveys,
	Archiveprefix = {arXiv},
	Author = {Alvarez, Marcelo and others},
	Eprint = {1412.4671},
	Primaryclass = {astro-ph.CO},
	Slaccitation = {%%CITATION = ARXIV:1412.4671;%%},
	Title = {{Testing Inflation with Large Scale Structure: Connecting Hopes with Reality}},
	Year = {2014}}

@article{BH,
	Author = {Barnes, Josh and Hut, Piet},
	Doi = {10.1038/324446a0},
	Journal = {Nature},
	Pages = {446-449},
	Reportnumber = {PRINT-86-0299 (IAS,PRINCETON)},
	Slaccitation = {%%CITATION = NATUA,324,446;%%},
	Title = {{A Hierarchical 0 Nlogn Force Calculation Algorithm}},
	Volume = {324},
	Year = {1986},
	Bdsk-Url-1 = {http://dx.doi.org/10.1038/324446a0}}

@article{Transients1,
	Archiveprefix = {arXiv},
	Author = {Crocce, M. and Pueblas, S. and Scoccimarro, R.},
	Doi = {10.1111/j.1365-2966.2006.11040.x},
	Eprint = {astro-ph/0606505},
	Journal = {Mon. Not. Roy. Astron. Soc.},
	Pages = {369-381},
	Primaryclass = {astro-ph},
	Slaccitation = {%%CITATION = ASTRO-PH/0606505;%%},
	Title = {{Transients from Initial Conditions in Cosmological Simulations}},
	Volume = {373},
	Year = {2006},
	Bdsk-Url-1 = {http://dx.doi.org/10.1111/j.1365-2966.2006.11040.x}}

@article{Transients2,
	Archiveprefix = {arXiv},
	Author = {Scoccimarro, Roman},
	Doi = {10.1046/j.1365-8711.1998.01845.x},
	Eprint = {astro-ph/9711187},
	Journal = {Mon. Not. Roy. Astron. Soc.},
	Pages = {1097},
	Primaryclass = {astro-ph},
	Reportnumber = {CITA-97-42},
	Slaccitation = {%%CITATION = ASTRO-PH/9711187;%%},
	Title = {{Transients from initial conditions: a perturbative analysis}},
	Volume = {299},
	Year = {1998},
	Bdsk-Url-1 = {http://dx.doi.org/10.1046/j.1365-8711.1998.01845.x}}

@article{Wagner,
	Archiveprefix = {arXiv},
	Author = {Wagner, Christian and Verde, Licia},
	Doi = {10.1088/1475-7516/2012/03/002},
	Eprint = {1102.3229},
	Journal = {JCAP},
	Pages = {002},
	Primaryclass = {astro-ph.CO},
	Slaccitation = {%%CITATION = ARXIV:1102.3229;%%},
	Title = {{N-body simulations with generic non-Gaussian initial conditions II: Halo bias}},
	Volume = {1203},
	Year = {2012},
	Bdsk-Url-1 = {http://dx.doi.org/10.1088/1475-7516/2012/03/002}}

@article{Shandera,
	Archiveprefix = {arXiv},
	Author = {Shandera, Sarah and Dalal, Neal and Huterer, Dragan},
	Doi = {10.1088/1475-7516/2011/03/017},
	Eprint = {1010.3722},
	Journal = {JCAP},
	Pages = {017},
	Primaryclass = {astro-ph.CO},
	Slaccitation = {%%CITATION = ARXIV:1010.3722;%%},
	Title = {{A generalized local ansatz and its effect on halo bias}},
	Volume = {1103},
	Year = {2011},
	Bdsk-Url-1 = {http://dx.doi.org/10.1088/1475-7516/2011/03/017}}

@webpage{DES,
	Title = {{The Dark Energy Survey}},
	Url = {http://www.darkenergysurvey.org/},
	Bdsk-Url-1 = {http://www.darkenergysurvey.org/}}

@webpage{LSST,
	Author = {Ansonika and Sowailem},
	Title = {{The Large Synoptic Survey Telescope}},
	Url = {http://www.lsst.org/},
	Bdsk-Url-1 = {http://www.lsst.org/}}

@webpage{DESI,
	Title = {{Dark Energy Spectroscopic Instrument}},
	Url = {http://desi.lbl.gov/},
	Bdsk-Url-1 = {http://desi.lbl.gov/}}

@webpage{Euclid,
	Publisher = {European Space Agency},
	Title = {{ESA Science and Technology: Euclid}},
	Url = {http://sci.esa.int/euclid/},
	Bdsk-Url-1 = {http://sci.esa.int/euclid/}}

@webpage{CAMBweb,
	Publisher = {National Aeronautics and Space Administration},
	Title = {{LAMBDA - CAMB Web Inteface}},
	Url = {http://lambda.gsfc.nasa.gov/toolbox/tb_camb_form.cfm},
	Bdsk-Url-1 = {http://lambda.gsfc.nasa.gov/toolbox/tb_camb_form.cfm}}

@webpage{CAMBnotes,
	Author = {Antony Lewis},
	Title = {{CAMB Notes}},
	Url = {http://cosmologist.info/notes/CAMB.pdf},
	Bdsk-Url-1 = {http://cosmologist.info/notes/CAMB.pdf}}

@article{NG1,
	Archiveprefix = {arXiv},
	Author = {Verde, Licia and Jimenez, Raul and Kamionkowski, Marc and Matarrese, Sabino},
	Doi = {10.1046/j.1365-8711.2001.04459.x},
	Eprint = {astro-ph/0011180},
	Journal = {Mon. Not. Roy. Astron. Soc.},
	Pages = {412},
	Primaryclass = {astro-ph},
	Slaccitation = {%%CITATION = ASTRO-PH/0011180;%%},
	Title = {{Tests for primordial nonGaussianity}},
	Volume = {325},
	Year = {2001},
	Bdsk-Url-1 = {http://dx.doi.org/10.1046/j.1365-8711.2001.04459.x}}

@article{NG2,
	Archiveprefix = {arXiv},
	Author = {Scoccimarro, Roman and Sefusatti, Emiliano and Zaldarriaga, Matias},
	Doi = {10.1103/PhysRevD.69.103513},
	Eprint = {astro-ph/0312286},
	Journal = {Phys. Rev.},
	Pages = {103513},
	Primaryclass = {astro-ph},
	Slaccitation = {%%CITATION = ASTRO-PH/0312286;%%},
	Title = {{Probing primordial non-Gaussianity with large - scale structure}},
	Volume = {D69},
	Year = {2004},
	Bdsk-Url-1 = {http://dx.doi.org/10.1103/PhysRevD.69.103513}}

@article{NG3,
	Archiveprefix = {arXiv},
	Author = {Sefusatti, Emiliano and Komatsu, Eiichiro},
	Doi = {10.1103/PhysRevD.76.083004},
	Eprint = {0705.0343},
	Journal = {Phys. Rev.},
	Pages = {083004},
	Primaryclass = {astro-ph},
	Reportnumber = {FERMILAB-PUB-07-107-A},
	Slaccitation = {%%CITATION = ARXIV:0705.0343;%%},
	Title = {{The bispectrum of galaxies from high-redshift galaxy surveys: Primordial non-Gaussianity and non-linear galaxy bias}},
	Volume = {D76},
	Year = {2007},
	Bdsk-Url-1 = {http://dx.doi.org/10.1103/PhysRevD.76.083004}}

@article{NG4,
	Archiveprefix = {arXiv},
	Author = {Robinson, James and Baker, Jonathan E.},
	Doi = {10.1046/j.1365-8711.2000.03109.x},
	Eprint = {astro-ph/9905098},
	Journal = {Mon. Not. Roy. Astron. Soc.},
	Pages = {781},
	Primaryclass = {astro-ph},
	Slaccitation = {%%CITATION = ASTRO-PH/9905098;%%},
	Title = {{Evolution of the cluster abundance in nonGaussian models}},
	Volume = {311},
	Year = {2000},
	Bdsk-Url-1 = {http://dx.doi.org/10.1046/j.1365-8711.2000.03109.x}}

@article{NG5,
	Archiveprefix = {arXiv},
	Author = {Matarrese, Sabino and Verde, Licia and Jimenez, Raul},
	Doi = {10.1086/309412},
	Eprint = {astro-ph/0001366},
	Journal = {Astrophys. J.},
	Pages = {10},
	Primaryclass = {astro-ph},
	Slaccitation = {%%CITATION = ASTRO-PH/0001366;%%},
	Title = {{The Abundance of high-redshift objects as a probe of non-Gaussian initial conditions}},
	Volume = {541},
	Year = {2000},
	Bdsk-Url-1 = {http://dx.doi.org/10.1086/309412}}

@article{NG6,
	Archiveprefix = {arXiv},
	Author = {Komatsu, E. and others},
	Collaboration = {WMAP},
	Doi = {10.1086/377220},
	Eprint = {astro-ph/0302223},
	Journal = {Astrophys. J. Suppl.},
	Pages = {119-134},
	Primaryclass = {astro-ph},
	Slaccitation = {%%CITATION = ASTRO-PH/0302223;%%},
	Title = {{First year Wilkinson Microwave Anisotropy Probe (WMAP) observations: tests of gaussianity}},
	Volume = {148},
	Year = {2003},
	Bdsk-Url-1 = {http://dx.doi.org/10.1086/377220}}

@article{Hubble,
	Author = {Edwin Hubble},
	Doi = {10.1073/pnas.15.3.168},
	Journal = {Proceedings of the National Academy of Sciences},
	Pages = {168-173},
	Title = {{A Relation Between Distance and Radial Velocity Among Extra-Galactic Nebulae}},
	Url = {http://www.pnas.org/content/15/3/168.full},
	Volume = {15},
	Year = {1929},
	Bdsk-Url-1 = {http://www.pnas.org/content/15/3/168.full}}

@article{PT1,
	Archiveprefix = {arXiv},
	Author = {Baumann, Daniel and Nicolis, Alberto and Senatore, Leonardo and Zaldarriaga, Matias},
	Doi = {10.1088/1475-7516/2012/07/051},
	Eprint = {1004.2488},
	Journal = {JCAP},
	Pages = {051},
	Primaryclass = {astro-ph.CO},
	Slaccitation = {%%CITATION = ARXIV:1004.2488;%%},
	Title = {{Cosmological Non-Linearities as an Effective Fluid}},
	Volume = {1207},
	Year = {2012},
	Bdsk-Url-1 = {http://dx.doi.org/10.1088/1475-7516/2012/07/051}}

@inproceedings{PT2,
	Archiveprefix = {arXiv},
	Author = {Bernardeau, Francis},
	Booktitle = {{100e Ecole d'Ete de Physique: Post-Planck Cosmology Les Houches, France, July 8-August 2, 2013}},
	Eprint = {1311.2724},
	Primaryclass = {astro-ph.CO},
	Reportnumber = {SACLAY-T13-273},
	Slaccitation = {%%CITATION = ARXIV:1311.2724;%%},
	Title = {{The evolution of the large-scale structure of the universe: beyond the linear regime}},
	Url = {http://inspirehep.net/record/1264888/files/arXiv:1311.2724.pdf},
	Year = {2013},
	Bdsk-Url-1 = {http://inspirehep.net/record/1264888/files/arXiv:1311.2724.pdf}}

@article{PT3,
	Archiveprefix = {arXiv},
	Author = {Carrasco, John Joseph M. and Hertzberg, Mark P. and Senatore, Leonardo},
	Doi = {10.1007/JHEP09(2012)082},
	Eprint = {1206.2926},
	Journal = {JHEP},
	Pages = {082},
	Primaryclass = {astro-ph.CO},
	Slaccitation = {%%CITATION = ARXIV:1206.2926;%%},
	Title = {{The Effective Field Theory of Cosmological Large Scale Structures}},
	Volume = {09},
	Year = {2012},
	Bdsk-Url-1 = {http://dx.doi.org/10.1007/JHEP09(2012)082}}

@article{Bispec,
	Archiveprefix = {arXiv},
	Author = {Baldauf, Tobias and Seljak, Uros and Senatore, Leonardo},
	Doi = {10.1088/1475-7516/2011/04/006},
	Eprint = {1011.1513},
	Journal = {JCAP},
	Pages = {006},
	Primaryclass = {astro-ph.CO},
	Slaccitation = {%%CITATION = ARXIV:1011.1513;%%},
	Title = {{Primordial non-Gaussianity in the Bispectrum of the Halo Density Field}},
	Volume = {1104},
	Year = {2011},
	Bdsk-Url-1 = {http://dx.doi.org/10.1088/1475-7516/2011/04/006}}

@article{Bispec2,
	Archiveprefix = {arXiv},
	Author = {Verde, Licia and Wang, Li-Min and Heavens, Alan and Kamionkowski, Marc},
	Doi = {10.1046/j.1365-8711.2000.03191.x},
	Eprint = {astro-ph/9906301},
	Journal = {Mon. Not. Roy. Astron. Soc.},
	Pages = {L141-L147},
	Primaryclass = {astro-ph},
	Slaccitation = {%%CITATION = ASTRO-PH/9906301;%%},
	Title = {{Large scale structure, the cosmic microwave background, and primordial non-gaussianity}},
	Volume = {313},
	Year = {2000},
	Bdsk-Url-1 = {http://dx.doi.org/10.1046/j.1365-8711.2000.03191.x}}

@article{PlanckNG,
	Archiveprefix = {arXiv},
	Author = {Ade, P. A. R. and others},
	Collaboration = {Planck},
	Eprint = {1502.01592},
	Primaryclass = {astro-ph.CO},
	Slaccitation = {%%CITATION = ARXIV:1502.01592;%%},
	Title = {{Planck 2015 results. XVII. Constraints on primordial non-Gaussianity}},
	Year = {2015}}

@article{Halo1,
	Archiveprefix = {arXiv},
	Author = {Ferraro, Simone and Smith, Kendrick M. and Green, Daniel and Baumann, Daniel},
	Doi = {10.1093/mnras/stt1272},
	Eprint = {1209.2175},
	Journal = {Mon. Not. Roy. Astron. Soc.},
	Pages = {934-942},
	Primaryclass = {astro-ph.CO},
	Slaccitation = {%%CITATION = ARXIV:1209.2175;%%},
	Title = {{On the Equivalence of Barrier Crossing, Peak-Background Split, and Local Biasing}},
	Volume = {435},
	Year = {2013},
	Bdsk-Url-1 = {http://dx.doi.org/10.1093/mnras/stt1272}}

@article{Halo2,
	Archiveprefix = {arXiv},
	Author = {Baumann, Daniel and Ferraro, Simone and Green, Daniel and Smith, Kendrick M.},
	Doi = {10.1088/1475-7516/2013/05/001},
	Eprint = {1209.2173},
	Journal = {JCAP},
	Pages = {001},
	Primaryclass = {astro-ph.CO},
	Slaccitation = {%%CITATION = ARXIV:1209.2173;%%},
	Title = {{Stochastic Bias from Non-Gaussian Initial Conditions}},
	Volume = {1305},
	Year = {2013},
	Bdsk-Url-1 = {http://dx.doi.org/10.1088/1475-7516/2013/05/001}}

@article{HaloBias1,
	Archiveprefix = {arXiv},
	Author = {Assassi, Valentin and Baumann, Daniel and Green, Daniel and Zaldarriaga, Matias},
	Doi = {10.1088/1475-7516/2014/08/056},
	Eprint = {1402.5916},
	Journal = {JCAP},
	Pages = {056},
	Primaryclass = {astro-ph.CO},
	Slaccitation = {%%CITATION = ARXIV:1402.5916;%%},
	Title = {{Renormalized Halo Bias}},
	Volume = {1408},
	Year = {2014},
	Bdsk-Url-1 = {http://dx.doi.org/10.1088/1475-7516/2014/08/056}}

@article{HaloBias2,
	Archiveprefix = {arXiv},
	Author = {Baldauf, Tobias and Seljak, Uros and Desjacques, Vincent and McDonald, Patrick},
	Doi = {10.1103/PhysRevD.86.083540},
	Eprint = {1201.4827},
	Journal = {Phys. Rev.},
	Pages = {083540},
	Primaryclass = {astro-ph.CO},
	Slaccitation = {%%CITATION = ARXIV:1201.4827;%%},
	Title = {{Evidence for Quadratic Tidal Tensor Bias from the Halo Bispectrum}},
	Volume = {D86},
	Year = {2012},
	Bdsk-Url-1 = {http://dx.doi.org/10.1103/PhysRevD.86.083540}}

@article{HaloBias3,
	Archiveprefix = {arXiv},
	Author = {McDonald, Patrick},
	Doi = {10.1103/PhysRevD.74.103512, 10.1103/PhysRevD.74.129901},
	Eprint = {astro-ph/0609413},
	Journal = {Phys. Rev.},
	Note = {[Erratum: Phys. Rev.D74,129901(2006)]},
	Pages = {103512},
	Primaryclass = {astro-ph},
	Slaccitation = {%%CITATION = ASTRO-PH/0609413;%%},
	Title = {{Clustering of dark matter tracers: Renormalizing the bias parameters}},
	Volume = {D74},
	Year = {2006},
	Bdsk-Url-1 = {http://dx.doi.org/10.1103/PhysRevD.74.103512,%2010.1103/PhysRevD.74.129901}}

@article{HaloBias4,
	Archiveprefix = {arXiv},
	Author = {McDonald, Patrick and Roy, Arabindo},
	Doi = {10.1088/1475-7516/2009/08/020},
	Eprint = {0902.0991},
	Journal = {JCAP},
	Pages = {020},
	Primaryclass = {astro-ph.CO},
	Slaccitation = {%%CITATION = ARXIV:0902.0991;%%},
	Title = {{Clustering of dark matter tracers: generalizing bias for the coming era of precision LSS}},
	Volume = {0908},
	Year = {2009},
	Bdsk-Url-1 = {http://dx.doi.org/10.1088/1475-7516/2009/08/020}}
