%% This BibTeX bibliography file was created using BibDesk.
%% http://bibdesk.sourceforge.net/


%% Created for Antoine Beauchamp at 2017-03-24 13:15:16 -0400 


%% Saved with string encoding Unicode (UTF-8) 



@webpage{REDShome,
	Date-Added = {2017-03-24 16:44:35 +0000},
	Date-Modified = {2017-03-24 17:15:13 +0000},
	Title = {REDS Midtown Tavern},
	Url = {www.redsmidtowntavern.com}}
